% Literaturquelle
% https://www.zotero.org
% ju 2024-12-05
% https://www.zotero.org/styles
% Springer-Stil (backend=biber, style=authoryear, biblatex)
% \textcite{fischer2022}
% Ergebnis in der Fußnote: Fischer et al. (2022)
% \parencite{fischer2022}
% Ergebnis im Text: (Fischer et al., 2022)

@book{europa:2022:ab1_4,
  author    = {Richard Fischer and Tobias Gescheide and Uwe Heider and Berthold Hohmann and Wolfgang Keil and Rainer Lohuis and David Renz and Bernd Schlögl and Andreas Spring},
  title     = {Arbeitsblätter Kraftfahrzeugtechnik: Lernfelder 1--4},
  edition   = {4., korrigierter Nachdruck},
  year      = {2022},
  publisher = {Verlag Europa-Lehrmittel, Nourney, Vollmer GmbH \& Co. KG},
  isbn      = {978-3-7585-2137-9}
}

@book{europa:2019:ab5_8,
  author    = {Richard Fischer and Tobias Gescheide and Uwe Heider and Berthold Hohmann and Wolfgang Keil and Achim van Huet and Rainer Lohuis and Jochen Mann and Bernd Schlögl and Alois Wimmer},
  title     = {Arbeitsblätter Kraftfahrzeugtechnik: Lernfelder 5--8},
  edition   = {2., korrigierter Nachdruck},
  year      = {2019},
  publisher = {Verlag Europa-Lehrmittel, Nourney, Vollmer GmbH \& Co. KG},
  address   = {Haan-Gruiten},
  isbn      = {978-3-8085-2272-1}
}

@book{europa:2021:ab9_14,
  author    = {Richard Fischer and Rolf Gescheide and Tobias Gescheide and Uwe Heider and Berthold Hohmann and Achim van Huet and Wolfgang Keil and Rainer Lohuis and Jochen Mann and Bernd Schlögl and Alois Wimmer},
  title     = {Arbeitsblätter Kraftfahrzeugtechnik: Lernfelder 9--14},
  edition   = {3., korrigierter Nachdruck},
  year      = {2024},
  publisher = {Verlag Europa-Lehrmittel, Nourney, Vollmer GmbH \& Co. KG},
  address   = {Haan-Gruiten},
  isbn      = {978-3-7585-2189-8}
}

@book{bell:2021:tabellenbuch,
  author    = {M. Bell and H. Elbl and W. Schüler},
  title     = {Tabellenbuch Fahrzeugtechnik},
  edition   = {29. Auflage},
  year      = {2021},
  publisher = {Handwerk und Technik},
  address   = {Hamburg},
  isbn      = {978-3-582-93957-9}
}


@book{bell:2022:mathematik,
  author    = {M. Bell and H. Elbl and W. Schüler},
  title     = {Technische Mathematik Fahrzeugtechnik – fachsystematisch},
  edition   = {27., überarbeitete Auflage},
  year      = {2022},
  publisher = {Handwerk und Technik},
  address   = {Hamburg},
  isbn      = {978-3-582-42235-4}
}



@book{riessinger:2013:mathematik,
  title     = {Mathematik für Ingenieure: Eine anschauliche Einführung für das praxisorientierte Studium},
  author    = {Rießinger, Thomas},
  year      = {2013},
  edition   = {9},
  publisher = {Springer Vieweg},
  address   = {Berlin, Heidelberg},
  isbn      = {978-3-642-36858-5},
  doi       = {10.1007/978-3-642-36859-2},
  url       = {https://doi.org/10.1007/978-3-642-36859-2},
  language  = {german}
}

@online{statista:2024:openai,
  author   = {Statista Research Department},
  title    = {OpenAI - Das Unternehmen hinter ChatGPT und Dall-E},
  year     = {2024},
  month    = {4},
  day      = {3},
  url      = {https://de.statista.com/themen/10470/openai/#topicOverview},
  urldate  = {2023-09-10},
  language = {german}
}

@book{schreiner:2020:verbrennungsmotor,
  author    = {Schreiner, Klaus},
  title     = {Basiswissen Verbrennungsmotor: Fragen -- rechnen -- verstehen -- bestehen},
  edition   = {3., erweiterte und aktualisierte Auflage},
  publisher = {Springer Fachmedien Wiesbaden},
  year      = {2020},
  address   = {Wiesbaden},
  isbn      = {978-3-658-29225-6},
  doi       = {10.1007/978-3-658-29226-3},
  series    = {Lehrbuch},
  language  = {german}
}

@book{respondeck:2019:servicetechniker,
  author    = {Michael Respondeck},
  title     = {Servicetechniker Band 1: Werkstatt und Technik},
  year      = {2019},
  publisher = {Vogel Communications Group},
  address   = {Würzburg},
  isbn      = {978-3-8343-3375-9},
  pages     = {588},
  note      = {Prüfungsvorbereitung und Nachschlagewerk für Kfz-Servicetechniker}
}

@online{chatgpt:2024:ki,
  author   = {OpenAI},
  title    = {ChatGPT},
  year     = {2024},
  url      = {https://chatgpt.com/?model=gpt-4},
  urldate  = {2024-09-10},
  language = {english}
}

@online{claudeAI:2024:ki,
  author   = {Anthropic},
  title    = {Claude AI - The AI Assistant by Anthropic},
  year     = {2024},
  url      = {https://claude.ai/new},
  urldate  = {2024-09-10},
  language = {english}
}

@book{herner:2022:expertenwissen,
  address   = {Würzburg},
  edition   = {1. Auflage},
  title     = {Expertenwissen {Kfz}-{Elektrik}, {Elektronik}},
  isbn      = {9783834334978},
  language  = {ger},
  publisher = {Vogel Communications Group},
  author    = {Herner, Anton and Riehl, Hans-Jürgen},
  year      = {2022}
}

@book{borgeest:2021:elektronik,
  address    = {Wiesbaden [Heidelberg]},
  edition    = {4., aktualisierte und erweiterte Auflage},
  title      = {Elektronik in der {Fahrzeugtechnik}: {Hardware}, {Software}, {Systeme} und {Projektmanagement}},
  isbn       = {9783658236632},
  shorttitle = {Elektronik in der {Fahrzeugtechnik}},
  publisher  = {Springer Vieweg},
  author     = {Borgeest, Kai},
  year       = {2021}
}

@collection{reif:2022:boschkraftfahrtechnisches,
  location  = {Wiesbaden [Heidelberg]},
  edition   = {30., überarbeitete und erweiterte Auflage},
  title     = {Kraftfahrtechnisches Taschenbuch},
  isbn      = {9783658363864},
  publisher = {Springer Vieweg},
  editor    = {Reif, Konrad and {Robert Bosch GmbH}},
  date      = {2022}
}

@book{schmidt:2021:hybrid,
  location   = {Bad Wörishofen},
  edition    = {4. aktualisierte Auflage},
  title      = {Hybrid- und Elektrofahrzeuge: Technik, Wartung, Prüfarbeiten},
  isbn       = {9783874411806},
  series     = {Krafthand-Technik},
  shorttitle = {Hybrid- und Elektrofahrzeuge},
  pagetotal  = {208},
  publisher  = {Krafthand Medien},
  author     = {Schmidt, Torsten},
  date       = {2021}
}


@book{schneehage:2021:sensoren,
  title     = {Motormanagement {Sensoren} {Aufbau}, {Funktion} und {Prüfung} mit dem {Oszilloskop}},
  isbn      = {9783874411868},
  language  = {German},
  publisher = {Krafthand Medien GmbH},
  author    = {Schneehage, Gerald},
  year      = {2021}
}

@book{deusen:2020:meisterwissenKfz,
  address   = {Würzburg},
  edition   = {6. aktualisierte und bearbeitete Auflage},
  title     = {Meisterwissen im {Kfz}-{Handwerk}},
  isbn      = {9783834334459},
  language  = {ger},
  publisher = {Vogel Communications Group},
  author    = {Deußen, Ralf and Schlüter, Volkert and Sprenger, Axel},
  year      = {2020}
}

@book{bell:2020:formelsammlung,
  address   = {Hamburg},
  edition   = {10., überarbeitete und erweiterte Auflage},
  title     = {Formelsammlung {Fahrzeugtechnik}},
  isbn      = {9783582515902},
  language  = {ger},
  publisher = {Handwerk und Technik},
  author    = {Bell, Marco and Elbl, Helmut and Schüler, Wilhelm},
  year      = {2020}
}


@book{schluter:2021:prufungsfragenKfz,
  title    = {Prüfungsfragen und {Antworten} für das {Kfz}-{Techniker}-{Handwerk}},
  isbn     = {9783834362742},
  url      = {https://nbn-resolving.org/urn:nbn:de:101:1-2021060315504020014374},
  language = {German},
  urldate  = {2021-11-03},
  author   = {Schlüter, Volkert and Deussen, Ralf},
  year     = {2021}
}

@book{brand:2020:fachkundeKfz,
  address   = {Haan-Gruiten},
  edition   = {31., neubearbeitete Auflage, korrigierter Nachdruck},
  series    = {Europa-{Fachbuchreihe} für {Kraftfahrzeugtechnik}},
  title     = {Fachkunde {Kraftfahrzeugtechnik}},
  isbn      = {9783808523254},
  language  = {ger},
  publisher = {Verlag Europa-Lehrmittel Nourney, Vollmer GmbH \& Co. KG},
  author    = {Brand, Monika and Fischer, Richard and Gscheidle, Rolf and Gscheidle, Tobias and Heider, Uwe and Hohmann, Berthold and Keil, Wolfgang and Lohuis, Rainer and Mann, Jochen and Renz, David and Schlögl, Bernd and Wimmer, Alois},
  year      = {2020}
}


@book{fischer:2010:prufungsbuchKfz,
  address   = {Haan-Gruiten},
  edition   = {9. Aufl., 1. Dr},
  series    = {Europa-{Fachbuchreihe} {Kraftfahrzeugtechnik}},
  title     = {Prüfungsbuch Kraftfahrzeugtechnik},
  isbn      = {9783808520291},
  language  = {ger},
  publisher = {Verl. Europa-Lehrmittel Nourney, Vollmer},
  author    = {Fischer, Richard and Gscheidle, Rolf and Heider, Uwe and Hohmann, Berthold and Keil, Wolfgang and Mann, Jochen and Schlögl, Bernd and Wimmer, Alois and Wommer, Günter},
  year      = {2010}
}

@book{heiser:2017:betriebsfuhrung,
  address   = {Haan-Gruiten},
  edition   = {4. Auflage},
  series    = {Europa-{Fachbuchreihe} für {Kraftfahrzeugtechnik}},
  title     = {Betriebsführung und {Management} im {Kraftfahrzeughandwerk}},
  isbn      = {9783808523247},
  language  = {ger},
  publisher = {Verlag Europa-Lehrmittel Nourney, Vollmer GmbH \& Co. KG},
  author    = {Heiser, Monika and Högerle, Friedemann and Psotka, Thomas and Wimmer, Alois},
  year      = {2017}
}



@online{peter:2021:mathe,
  title   = {MathePeter},
  url     = {https://champcademy.teachable.com},
  author  = {Peter Lehe},
  urldate = {2021-07-11}
}

@book{buzan:2017:mind-map,
  location   = {München},
  edition    = {2., aktualisierte und erweiterte Auflage},
  title      = {Das Mind-Map-Buch: die beste Methode zur Steigerung Ihres geistigen Potenzials},
  isbn       = {9783868824414},
  shorttitle = {Das Mind-Map-Buch},
  abstract   = {Verlagstext: Mit der Mind-Map-Methode® halten Sie den Schlüssel zu einem einzigartigen Denkwerkzeug},
  pagetotal  = {298},
  publisher  = {mvg-Verlag},
  author     = {Buzan, Tony and Buzan, Barry},
  date       = {2017},
  note       = {{OCLC}: 1006735878}
}

@book{metzig:2016:lernen,
  location   = {Berlin Heidelberg},
  edition    = {9. Auflage},
  title      = {Lernen zu lernen: Lernstrategien wirkungsvoll einsetzen},
  isbn       = {9783662488966},
  shorttitle = {Lernen zu lernen},
  pagetotal  = {205},
  publisher  = {Springer},
  author     = {Metzig, Werner and Schuster, Martin},
  date       = {2016},
  note       = {{OCLC}: 932682980}
}

@book{schmidt:2015:klima,
  edition   = {2., erw. Aufl},
  title     = {Praxiswissen Pkw-Klimaanlagen~--~Technik, Service, Diagnose},
  isbn      = {9783874411325},
  publisher = {Krafthand Medien {GmbH}},
  author    = {Schmidt, T.},
  year      = {2015}
}

@book{sternbeck:2015:bremsen,
  edition   = {1. Aufl},
  title     = {Praxishandbuch Pkw-Bremsen~--~Technik, Service, Regelsysteme},
  isbn      = {9783874411301},
  publisher = {Krafthand Medien {GmbH}},
  author    = {Sternbeck, J.},
  year      = {2015}
}

@book{schneehage:2018:aktoren,
  title     = {Motormanagement Aktoren~--~Aufbau, Funktion, Diagnose},
  isbn      = {9783874411714},
  publisher = {Krafthand Medien {GmbH}},
  author    = {Schneehage, G.},
  year      = {2018}
}

@book{frei:2017:hochvolt,
  edition   = {2. Auflage},
  title     = {Grundlagen Kfz-Hochvolttechnik~--~Basiswissen, Komponenten, Sicherheit},
  isbn      = {9783874411523},
  publisher = {Krafthand Medien {GmbH}},
  author    = {Frei, M.},
  year      = {2017}
}

@book{frei:2013:fahrzeugelektrik,
  edition   = {1. Auflage},
  title     = {Grundlagen der Fahrzeugelektrik~--~Basiswissen, Messtechnik, Fehlersuche},
  isbn      = {9783874411172},
  publisher = {Krafthand Medien {GmbH}},
  author    = {Frei, M.},
  year      = {2013}
}

@book{gunther:2019:commonrail,
  title     = {Common-Rail-Systeme in der Werkstattpraxis},
  isbn      = {9783874411691},
  publisher = {Krafthand Medien {GmbH}},
  author    = {Günther, H.},
  year      = {2019}
}

@book{peter:2015:benzindirekt,
  edition   = {1. Auflage},
  title     = {Benzin-Direkteinspritzsysteme~--~Komponenten, Funktionen, Diagnose},
  isbn      = {9783874411318},
  publisher = {Krafthand Medien {GmbH}},
  author    = {Peter, H.},
  year      = {2015}
}

@book{frei:2018:vernetztesysteme,
  edition   = {4. erweiterte Auflage},
  title     = {Fehlerdiagnose an vernetzten Systemen~--~Grundlagen, Diagnose, Wartung},
  isbn      = {9783874411677},
  publisher = {Krafthand Medien {GmbH}},
  author    = {Frei, M.},
  year      = {2018}
}
