% Literaturquelle:
% ju 2024-12-05
% https://www.zotero.org/styles
% Springer-Stil (backend=biber, style=authoryear, biblatex)
% \textcite{fischer2022}
% Ergebnis in der Fußnote: Fischer et al. (2022)
% \parencite{fischer2022}
% Ergebnis im Text: (Fischer et al., 2022)


@book{schneehage:2021:sensoren,
  title     = {Motormanagement {Sensoren} {Aufbau}, {Funktion} und {Prüfung} mit dem {Oszilloskop}},
  isbn      = {9783874411868},
  language  = {German},
  publisher = {Krafthand Medien GmbH},
  author    = {Schneehage, Gerald},
  year      = {2021}
}

@book{riessinger:2013:mathematik,
  title     = {Mathematik für Ingenieure: Eine anschauliche Einführung für das praxisorientierte Studium},
  author    = {Rießinger, Thomas},
  year      = {2013},
  edition   = {9},
  publisher = {Springer Vieweg},
  address   = {Berlin, Heidelberg},
  isbn      = {978-3-642-36858-5},
  doi       = {10.1007/978-3-642-36859-2},
  url       = {https://doi.org/10.1007/978-3-642-36859-2},
  language  = {german}
}

@online{statista:2024:openai,
  author   = {Statista Research Department},
  title    = {OpenAI - Das Unternehmen hinter ChatGPT und Dall-E},
  year     = {2024},
  month    = {4},
  day      = {3},
  url      = {https://de.statista.com/themen/10470/openai/#topicOverview},
  urldate  = {2023-09-10},
  language = {german}
}

@book{schreiner:2020:verbrennungsmotor,
  author    = {Schreiner, Klaus},
  title     = {Basiswissen Verbrennungsmotor: Fragen -- rechnen -- verstehen -- bestehen},
  edition   = {3., erweiterte und aktualisierte Auflage},
  publisher = {Springer Fachmedien Wiesbaden},
  year      = {2020},
  address   = {Wiesbaden},
  isbn      = {978-3-658-29225-6},
  doi       = {10.1007/978-3-658-29226-3},
  series    = {Lehrbuch},
  language  = {german}
}

@book{respondeck:2019:servicetechniker,
  author    = {Michael Respondeck},
  title     = {Servicetechniker Band 1: Werkstatt und Technik},
  year      = {2019},
  publisher = {Vogel Communications Group},
  address   = {Würzburg},
  isbn      = {978-3-8343-3375-9},
  pages     = {588},
  note      = {Prüfungsvorbereitung und Nachschlagewerk für Kfz-Servicetechniker}
}

@online{chatgpt:2024:ki,
  author   = {OpenAI},
  title    = {ChatGPT},
  year     = {2024},
  url      = {https://chatgpt.com/?model=gpt-4},
  urldate  = {2024-09-10},
  language = {english}
}

@online{claudeAI:2024:ki,
  author   = {Anthropic},
  title    = {Claude AI - The AI Assistant by Anthropic},
  year     = {2024},
  url      = {https://claude.ai/new},
  urldate  = {2024-09-10},
  language = {english}
}

@book{europa:2022:ab1_4,
  author    = {Richard Fischer and Tobias Gescheide and Uwe Heider and Berthold Hohmann and Wolfgang Keil and Rainer Lohuis and David Renz and Bernd Schlögl and Andreas Spring},
  title     = {Arbeitsblätter Kraftfahrzeugtechnik: Lernfelder 1--4},
  edition   = {4., korrigierter Nachdruck},
  year      = {2022},
  publisher = {Verlag Europa-Lehrmittel, Nourney, Vollmer GmbH \& Co. KG},
  isbn      = {978-3-7585-2137-9}
}

@book{europa:2019:ab5_8,
  author    = {Richard Fischer and Tobias Gescheide and Uwe Heider and Berthold Hohmann and Wolfgang Keil and Achim van Huet and Rainer Lohuis and Jochen Mann and Bernd Schlögl and Alois Wimmer},
  title     = {Arbeitsblätter Kraftfahrzeugtechnik: Lernfelder 5--8},
  edition   = {2., korrigierter Nachdruck},
  year      = {2019},
  publisher = {Verlag Europa-Lehrmittel, Nourney, Vollmer GmbH \& Co. KG},
  address   = {Haan-Gruiten},
  isbn      = {978-3-8085-2272-1}
}

@book{europa:2021:ab9_14,
  author    = {Richard Fischer and Rolf Gescheide and Tobias Gescheide and Uwe Heider and Berthold Hohmann and Achim van Huet and Wolfgang Keil and Rainer Lohuis and Jochen Mann and Bernd Schlögl and Alois Wimmer},
  title     = {Arbeitsblätter Kraftfahrzeugtechnik: Lernfelder 9--14},
  edition   = {3., korrigierter Nachdruck},
  year      = {2024},
  publisher = {Verlag Europa-Lehrmittel, Nourney, Vollmer GmbH \& Co. KG},
  address   = {Haan-Gruiten},
  isbn      = {978-3-7585-2189-8}
}

@book{bell:2021:tabellenbuch,
  author    = {M. Bell and H. Elbl and W. Schüler},
  title     = {Tabellenbuch Fahrzeugtechnik},
  edition   = {29. Auflage},
  year      = {2021},
  publisher = {Handwerk und Technik},
  address   = {Hamburg},
  isbn      = {978-3-582-93957-9}
}


@book{bell:2022:mathematik,
  author    = {M. Bell and H. Elbl and W. Schüler},
  title     = {Technische Mathematik Fahrzeugtechnik – fachsystematisch},
  edition   = {27., überarbeitete Auflage},
  year      = {2022},
  publisher = {Handwerk und Technik},
  address   = {Hamburg},
  isbn      = {978-3-582-42235-4}
}


@online{dalwigk:2024:fachbuchautor,
  title   = {Fachbuchautor},
  url     = {https://www.florian-dalwigk.de/},
  author  = {Dalwigk, Florian André},
  urldate = {2024-03-05}
}

@online{schaffranek:2024:kurse,
  title   = {Online Kurse},
  url     = {https://jan-schaffranek.de/},
  author  = {Schaffranek, Jan},
  urldate = {2024-03-05}
}

@book{dalwigk:2023:hacking,
  title     = {Hacking und Cyber Security mit {KI} : Prompt engineering, Phishing, Pentesting, {IT} security uvm. mithilfe von {ChatGPT} Inkl. vielen Challenges},
  isbn      = {978-3-96967-339-3},
  publisher = {Hamburg : Eulogia Verlags {GmbH}},
  author    = {Dalwigk, Florian André},
  date      = {2023}
}

@book{dalwigk:2022:python,
  title     = {Python für Einsteiger : programmieren lernen mit dem großen Python Buch : Schritt für Schritt zum Python Profi},
  publisher = {Hamburg : Eulogia Verlag},
  author    = {Dalwigk, Florian André},
  date      = {2022}
}

@book{brandes:2023:mikrocontroller,
  location  = {Bonn},
  edition   = {2., aktualisierte und erweiterte Auflage},
  title     = {Mikrocontroller {ESP}32: das umfassende Handbuch},
  isbn      = {9783836291248},
  pagetotal = {660},
  publisher = {Rheinwerk Verlag},
  author    = {Brandes, Udo},
  date      = {2023}
}

@book{brandes:2022:esp32,
  location  = {Aachen},
  edition   = {1. Auflage},
  title     = {{ESP}32 steuert Roboterauto: Open-Source-Code mit Arduino {IDE} und {PlatformIO} ; autonomes Fahren: {GPS}, Accelerometer, Gyroskop ; {PS}3-Controller},
  isbn      = {9783895765216},
  pagetotal = {266},
  publisher = {Elektor},
  author    = {Brandes, Udo},
  date      = {2022}
}

@book{brandes:2023:daten,
  location  = {Aachen},
  edition   = {1. Auflage},
  title     = {Daten mit Raspberry Pi im Netz speichern und visualisieren: Datenbankmodelle und -software für Elektronik-Anwendungen},
  isbn      = {9783895765803},
  pagetotal = {278},
  publisher = {Elektor},
  author    = {Brandes, Udo},
  date      = {2023}
}

@book{kappel:2018:arduino-basteln,
  location  = {Bonn},
  edition   = {1. Auflage, 1., korrigierter Nachdruck},
  title     = {Arduino: Elektronik, Programmierung, Basteln},
  isbn      = {9783836236485},
  pagetotal = {672},
  publisher = {Rheinwerk Verlag},
  author    = {Kappel, Benjamin},
  date      = {2018}
}

@book{spanner:2019:robotik,
  title  = {Robotik und Künstliche Intelligenz},
  isbn   = {9783895763458},
  author = {Spanner, Günter},
  date   = {2019}
}

@book{spanner:2019:mikrocontroller-technik,
  location  = {Aachen},
  edition   = {1. Auflage},
  title     = {Mikrocontroller-Technik: Vom Einsteiger zum Aufsteiger mit dem {AVR}-Playground-Board},
  isbn      = {9783895763373},
  pagetotal = {314},
  publisher = {Elektor},
  author    = {Spanner, Günter},
  date      = {2019}
}

@book{spanner:2017:arduino-schaltungsprojekte-profis,
  location  = {Aachen},
  edition   = {2. Auflage, überarbeitete und aktualisierte Neuauflage},
  title     = {Arduino: Schaltungsprojekte für Profis: vom Elektronikeinsteiger zum Mikrocontroller-Profi},
  isbn      = {9783895763267},
  pagetotal = {262},
  publisher = {Elektor-Verlag {GmbH}},
  author    = {Spanner, Günter},
  date      = {2017}
}

@book{dam:2020:45-elektronik-projekte-raspi,
  title  = {45 Elektronik-Projekte für den Raspberry Pi},
  isbn   = {9783895763496},
  author = {Dam, Bert van},
  date   = {2020}
}

@book{dam:2015:arduino-entdecken,
  location  = {Aachen},
  edition   = {1. Neuaufl},
  title     = {Arduino entdecken: 45 nachbausichere Projekten für den Uno},
  isbn      = {9783895763069},
  pagetotal = {216},
  publisher = {Elektor-Verl},
  author    = {Dam, Bert van},
  date      = {2015}
}

@book{dam:IOT-raspi-arduino:2015,
  location  = {Aachen},
  title     = {Internet of things: 35 Projekte mit Raspberry Pi und Arduino},
  isbn      = {9783895763052},
  pagetotal = {368},
  publisher = {Elektor International Media},
  author    = {Dam, Bert van and Gerstendorf, Rolf},
  date      = {2015}
}

@book{riegler:2020:erste-schritte-elektronik,
  location  = {Haar},
  title     = {Erste Schritte in der Elektronik.},
  isbn      = {9783645206709},
  url       = {http://public.eblib.com/choice/PublicFullRecord.aspx?p=6246958},
  publisher = {Franzis Verlag},
  author    = {Riegler, Thomas},
  urldate   = {2020-08-11},
  date      = {2020}
}


@book{monk:2014:raspberry,
  location  = {Beijing},
  edition   = {1},
  title     = {Raspberry Pi Kochbuch},
  isbn      = {978-3-95561-638-0},
  publisher = {O'Reilly Verlag {{GmbH}}, \& Co. {KG}},
  author    = {Monk, S.},
  year      = {2014}
}

@book{monk:2016:action,
  location  = {Heidelberg},
  edition   = {1},
  title     = {Das Action-Buch für Maker~--~Bewegung, Licht und Sound mit Arduino und Raspberry Pi~--~Experimente und Projekte},
  isbn      = {978-3-86490-385-4},
  publisher = {dpunkt},
  author    = {Monk, S.},
  year      = {2016}
}

@book{monk:2013:elektronikhacks,
  location  = {Heidelberg Hamburg},
  edition   = {2014},
  title     = {Elektronik-Hacks~--~Zahlreiche Projekte mit Sensoren, Fernsteuerungen, Motoren, Arduino},
  isbn      = {978-3-8266-9718-0},
  publisher = {mitp},
  author    = {Monk, S.},
  year      = {2013}
}

@book{weigend:2018:python,
  location  = {Frechen},
  edition   = {7. Auflage 2018},
  title     = {Python 3~--~Lernen und professionell anwenden.},
  isbn      = {978-3-95845-791-1},
  publisher = {mitp},
  author    = {Weigend, M.},
  year      = {2018}
}

@book{weigend:2016:raspberry,
  location  = {Frechen},
  edition   = {3. Auflage 2016},
  title     = {Raspberry Pi programmieren mit Python},
  isbn      = {978-3-95845-429-3},
  publisher = {mitp},
  author    = {Weigend, M.},
  year      = {2016}
}

@book{schlosser:2016:latex,
  title     = {Wissenschaftliche Arbeiten schreiben mit LaTeX},
  author    = {Schlosser, J.},
  isbn      = {9783958455450},
  year      = {2017},
  publisher = {mitp}
}

@online{homofaciens:2018:projekt,
  title   = {HomoFaciens},
  url     = {http://www.homofaciens.de/project:ge.htm},
  author  = {Norbert, H.},
  urldate = {2018-05-20}
}

@online{bartmann:2018:bastelseite,
  title   = {Eriks Homepage~--~Bastel- und Frickelseite für Elektroniker},
  url     = {http://erik-bartmann.de/},
  author  = {Bartmann, E.},
  urldate = {2018-05-20}
}

@book{bartmann:2017:arduino,
  title     = {Mit Arduino die elektronische Welt entdecken},
  author    = {Bartmann, E.},
  isbn      = {9783946496007},
  year      = {2017},
  publisher = {Bombini Verlags {GmbH}}
}

@online{joos:2018:windows,
  title   = {Windows},
  url     = {https://thomasjoos.wordpress.com/},
  author  = {Joos, T.},
  urldate = {2018-05-20}
}

@book{joos:2012:win7,
  title     = {Microsoft Windows 7~--~Expertentipps},
  author    = {Joos, T.},
  isbn      = {9783866458260},
  year      = {2012},
  publisher = {Microsoft Press}
}

@online{kofler:2018:infoseite,
  title   = {kofler.info},
  url     = {https://kofler.info/},
  author  = {Kofler, M.},
  urldate = {2018-05-20}
}

@book{kofler:2015:raspberry,
  title     = {Raspberry Pi~--~das umfassende Handbuch},
  author    = {Kofler, M. and Kühnast, C. and Scherbeck, C.},
  isbn      = {9783836237956},
  year      = {2015},
  publisher = {Rheinwerk}
}

@book{kofler:2017:linux,
  title     = {Linux~--~Das umfassende Handbuch. Für alle aktuellen Distributionen (Desktop und Server)},
  author    = {Kofler, M.},
  isbn      = {9783836258548},
  year      = {2017},
  publisher = {Rheinwerk Verlag {GmbH}}
}

@book{kofler:2018:hacking,
  title     = {Hacking \& Security~--~Das umfassende Handbuch},
  author    = {Kofler, M. and Zingsheim, A. and Gebeshuber, K. and Widl, M. and Aigner, R. and Hackner, T. and Kania, S. and Kloep, P. and Neugebauer, F.},
  isbn      = {9783836245487},
  year      = {2018},
  publisher = {Rheinwerk Verlag {GmbH}}
}


@book{kofler:2016:shellbefehle,
  title     = {Linux Kommandoreferenz~--~Shell-Befehle von A bis Z},
  author    = {Kofler, M.},
  isbn      = {9783836237789},
  year      = {2016},
  publisher = {Rheinwerk Verlag {GmbH}}
}

@book{kuveler:2009:inf,
  title     = {Informatik für Ingenieure und Naturwissenschaftler 1~--~Grundlagen, Programmieren mit C/C++},
  author    = {Küveler, G. and Schwoch, D.},
  isbn      = {9783834804600},
  year      = {2009},
  publisher = {Vieweg+Teubner Verlag}
}

@online{loviscach:2018:videos,
  title   = {Informatik Videos},
  url     = {https://j3l7h.de/},
  author  = {Loviscach, J.},
  urldate = {2018-05-20}
}

@book{riesinger:2017:mathe,
  title     = {Mathematik für Ingenieure},
  author    = {Riessinger, T.},
  isbn      = {9783662548073},
  year      = {2017},
  publisher = {Springer Berlin Heidelberg}
}

@book{riesinger:2006:inf,
  title     = {Informatik für Ingenieure und Naturwissenschaftler},
  author    = {Riessinger, T.},
  isbn      = {9783540294757},
  year      = {2006},
  publisher = {Springer Berlin Heidelberg}
}


@book{schwichtenberg:2017:ps,
  title     = {Windows PowerShell 5 und PowerShell Core 6~--~Das Praxisbuch},
  author    = {Schwichtenberg, H.},
  isbn      = {9783446456426},
  year      = {2018},
  publisher = {Carl Hanser Verlag GmbH \& Company KG}
}


@book{heiderich:2016:technprobleme,
  title     = {Technische Probleme lösen mit C/C++~--~Von der Analyse bis zur Dokumentation},
  author    = {Heiderich, N. and Meyer, W.},
  isbn      = {9783446451698},
  year      = {2016},
  publisher = {Carl Hanser Verlag GmbH \& Company KG}
}

@book{will:2014:einfuehrungcpp,
  title     = {Einführung in C++},
  author    = {Will, T.T.},
  isbn      = {9783836226776},
  year      = {2014},
  publisher = {Rheinwerk Verlag {GmbH}}
}

@book{will:2018:handbuchcpp,
  title     = {C++~--~Das umfassende Handbuch. Aktuell zu C++17},
  author    = {Will, T.T.},
  isbn      = {9783836243605},
  year      = {2018},
  publisher = {Rheinwerk Verlag {GmbH}}
}


@book{preisel:2017:git,
  title     = {Git~--~Dezentrale Versionsverwaltung im Team Grundlagen und Workflows},
  author    = {Stachmann, B. and Preissel, R.},
  isbn      = {9783864918186},
  year      = {2015},
  publisher = {Dpunkt.verlag}
}


@book{theis:2017:einstiegcpp,
  title     = {Einstieg in C++},
  author    = {Theis, T.},
  isbn      = {9783836245104},
  year      = {2017},
  publisher = {Rheinwerk}
}


@book{theis:2017:einstiegc,
  title     = {Einstieg in C},
  author    = {Theis, T.},
  isbn      = {9783836227933},
  year      = {2017},
  publisher = {Rheinwerk Verlag {GmbH}}
}

@book{theis:2017:einstiegphp,
  title     = {Einstieg in PHP 7 und MySQL},
  author    = {Theis, T.},
  isbn      = {9783836244961},
  year      = {2017},
  publisher = {Rheinwerk Verlag {GmbH}}
}


@book{theis:2017:einstiegpython,
  title     = {Einstieg in Python},
  author    = {Theis, T.},
  isbn      = {9783836245258},
  year      = {2017},
  publisher = {Rheinwerk Verlag {GmbH}}
}

@book{gaicher:2012:programmierenc,
  title     = {Programmieren in C~--~Programmieren lernen von Anfang an},
  author    = {Gaicher, H.},
  isbn      = {9783849118488},
  year      = {2012},
  publisher = {tredition}
}

@book{gaicher:2015:avrc,
  title     = {AVR Mikrocontroller~--~Programmierung in C},
  author    = {Gaicher, H.},
  isbn      = {9783732358540},
  year      = {2016},
  publisher = {tredition}
}

@book{plotzeneder:2013:powerprojektec,
  title     = {Powerprojekte mit Arduino und C},
  isbn      = {978-3-645-65131-8},
  series    = {{PC}-Elektronik},
  publisher = {Franzis},
  author    = {Plötzeneder, F. and Plötzeneder, A.},
  year      = {2013}
}

@book{kuhlee:2012:forensik,
  title     = {Computer-Forensik Hacks},
  author    = {Kuhlee, L. and Völzow, V.},
  isbn      = {9783868991215},
  year      = {2012},
  publisher = {O'Reilly}
}

@book{erickson:2008:hacking,
  title     = {Hacking~--~Die Kunst des Exploits},
  author    = {Erickson, J.},
  isbn      = {9783898645362},
  year      = {2008},
  publisher = {dpunkt-Verlag}
}

@book{ernesti:2015:python,
  title     = {Python 3~--~das umfassende Handbuch},
  author    = {Ernesti, J. and Kaiser, P.},
  isbn      = {9783836236331},
  year      = {2015},
  publisher = {Rheinwerk}
}
